@book{owasp2013:top10,
  author = {OWASP},
  title = {{Top 10 (2013)}},
  year = {2013}
}

@book{owasp2014:asvs,
  author = {OWASP},
  title = {{Application Security Verification Standard (2014)}},
  year = {2014}
}

@book{owasp2013:testing,
  author = {OWASP},
  title = {{Testing Guide}},
  edition = {4.0},
  year = {2013}
}

